<record><leader>00000cas a22000007a 4500</leader><controlfield tag="001">16835431</controlfield><controlfield tag="008">871009d19291931ohuwr ne      0    0eng d</controlfield><datafield ind1=" " ind2=" " tag="010"><subfield code="a">sn 87076741 </subfield></datafield><datafield ind1=" " ind2=" " tag="040"><subfield code="a">ONP</subfield><subfield code="b">eng</subfield><subfield code="c">ONP</subfield><subfield code="d">OCLCQ</subfield></datafield><datafield ind1=" " ind2=" " tag="042"><subfield code="a">msc</subfield></datafield><datafield ind1="0" ind2="0" tag="245"><subfield code="a">Progressive times.</subfield></datafield><datafield ind1=" " ind2=" " tag="260"><subfield code="a">Port Clinton, Ohio :</subfield><subfield code="b">Progressive Times Pub. Co.,</subfield><subfield code="c">1929-</subfield></datafield><datafield ind1=" " ind2=" " tag="310"><subfield code="a">Weekly</subfield></datafield><datafield ind1="0" ind2=" " tag="362"><subfield code="a">Vol. 33, no. 13 (Sept. 27, 1922)-</subfield></datafield><datafield ind1="1" ind2=" " tag="362"><subfield code="a">Ceased in June 1931.</subfield></datafield><datafield ind1=" " ind2=" " tag="752"><subfield code="a">United States</subfield><subfield code="b">Ohio</subfield><subfield code="c">Ottawa</subfield><subfield code="d">Port Clinton.</subfield></datafield><datafield ind1="0" ind2="0" tag="780"><subfield code="t">Port Clinton, Ohio progressive times</subfield><subfield code="w">(DLC)sn 87076740</subfield></datafield><datafield ind1="0" ind2="7" tag="785"><subfield code="t">Ottawa County news Democrat</subfield><subfield code="w">(DLC)sn 87076739</subfield></datafield><datafield ind1="0" ind2="7" tag="785"><subfield code="t">Ottawa County news (Port Clinton : 1931)</subfield><subfield code="w">(DLC)sn 87076742</subfield></datafield></record>